@misc{cqu硬件综合文档,
    author = {重庆大学计算机学院},
    title = {重庆大学硬件综合设计实验文档},
    howpublished = {\url{https://co.ccslab.cn/}},
    year = {2022}
}

@misc{lab4,
    author = {吕昱峰},
    title = {一步一步写MIPS CPU},
    howpublished = {\url{https://github.com/lvyufeng/step_into_mips}},
    year = {2017}
}

@misc{实验资料包,
  author = {重庆大学计算机学院},
  title = {重庆大学计算机组成原理、硬件综合设计实验材料},
  howpublished = {\url{https://github.com/CQU-CS-LABs/CO-lab-material-CQU}},
  year = {2022}

}